[gd_scene load_steps=6 format=2]

[ext_resource path="res://archive/PlayGUI.gd" type="Script" id=1]
[ext_resource path="res://assets/buttons/button_64x64.9.png" type="Texture" id=2]
[ext_resource path="res://assets/fonts/Roboto-Medium.ttf" type="DynamicFontData" id=3]
[ext_resource path="res://assets/buttons/bg_234x75.png" type="Texture" id=4]


[sub_resource type="DynamicFont" id=1]
font_data = ExtResource( 3 )

[node name="PlayGUI" type="Control"]
anchor_right = 1.0
anchor_bottom = 1.0
mouse_filter = 2
script = ExtResource( 1 )
__meta__ = {
"_edit_use_anchors_": false
}

[node name="VBC" type="VBoxContainer" parent="."]
anchor_right = 1.0
anchor_bottom = 1.0
margin_bottom = 4.0
mouse_filter = 2
size_flags_horizontal = 3
size_flags_vertical = 3
__meta__ = {
"_edit_use_anchors_": false
}

[node name="TopBuffer" type="MarginContainer" parent="VBC"]
margin_right = 1024.0
mouse_filter = 2

[node name="HBC" type="HBoxContainer" parent="VBC"]
margin_top = 4.0
margin_right = 1024.0
margin_bottom = 29.0
mouse_filter = 2

[node name="LeftBuffer" type="MarginContainer" parent="VBC/HBC"]
margin_bottom = 25.0
mouse_filter = 2

[node name="CPT" type="CenterContainer" parent="VBC/HBC"]
margin_left = 4.0
margin_right = 4.0
margin_bottom = 25.0
mouse_filter = 2

[node name="N2D" type="Node2D" parent="VBC/HBC/CPT"]

[node name="Background" type="TextureRect" parent="VBC/HBC/CPT/N2D"]
margin_right = 234.0
margin_bottom = 75.0
rect_min_size = Vector2( 100, 25 )
texture = ExtResource( 4 )
stretch_mode = 5

[node name="Name" type="Label" parent="VBC/HBC/CPT/N2D/Background"]
anchor_right = 1.0
anchor_bottom = 1.0
margin_left = 2.0
margin_top = 2.0
margin_right = 2.0
margin_bottom = 2.0
size_flags_horizontal = 3
custom_fonts/font = SubResource( 1 )
custom_colors/font_color = Color( 0, 0, 0, 1 )
text = "CPT XXX"
align = 1
valign = 1
__meta__ = {
"_edit_use_anchors_": false
}

[node name="Progress" type="CenterContainer" parent="VBC/HBC"]
margin_left = 8.0
margin_right = 916.0
margin_bottom = 25.0
mouse_filter = 2
size_flags_horizontal = 3

[node name="Score" type="CenterContainer" parent="VBC/HBC"]
margin_left = 920.0
margin_right = 995.0
margin_bottom = 25.0
mouse_filter = 2

[node name="Background" type="NinePatchRect" parent="VBC/HBC/Score"]
margin_right = 75.0
margin_bottom = 25.0
rect_min_size = Vector2( 75, 25 )
texture = ExtResource( 2 )

[node name="Count" type="RichTextLabel" parent="VBC/HBC/Score/Background"]
margin_right = 40.0
margin_bottom = 40.0
__meta__ = {
"_edit_use_anchors_": false
}

[node name="RightBuffer" type="MarginContainer" parent="VBC/HBC"]
margin_left = 999.0
margin_right = 1024.0
margin_bottom = 25.0
rect_min_size = Vector2( 25, 0 )
mouse_filter = 2

[node name="PlayFieldBuffer" type="MarginContainer" parent="VBC"]
margin_top = 33.0
margin_right = 1024.0
margin_bottom = 604.0
mouse_filter = 2
size_flags_horizontal = 3
size_flags_vertical = 3
