[gd_scene load_steps=3 format=3 uid="uid://1daomri8v1vt"]

[ext_resource type="Texture2D" uid="uid://clmk64q56trel" path="res://assets/background/thumb/0.png" id="1"]
[ext_resource type="Script" path="res://scripts/BackgroundThumbButton.gd" id="2"]

[node name="BackgroundThumbButton" type="Button"]
custom_minimum_size = Vector2(0, 168)
offset_right = 280.0
offset_bottom = 168.0
size_flags_horizontal = 3
size_flags_vertical = 3
toggle_mode = true
script = ExtResource("2")

[node name="VBC" type="VBoxContainer" parent="."]
visible = false
layout_mode = 0
anchor_right = 1.0
anchor_bottom = 1.0
offset_bottom = -18.0

[node name="TopBuffer" type="MarginContainer" parent="VBC"]
custom_minimum_size = Vector2(0, 5)
layout_mode = 2
size_flags_horizontal = 3

[node name="HBC" type="HBoxContainer" parent="VBC"]
layout_mode = 2

[node name="LeftBuffer" type="MarginContainer" parent="VBC/HBC"]
layout_mode = 2
size_flags_horizontal = 3

[node name="Img" type="TextureRect" parent="VBC/HBC"]
layout_mode = 2
size_flags_horizontal = 0
size_flags_vertical = 0
texture = ExtResource("1")
stretch_mode = 5

[node name="RightBuffer" type="MarginContainer" parent="VBC/HBC"]
layout_mode = 2
size_flags_horizontal = 3

[node name="CC" type="CenterContainer" parent="VBC"]
visible = false
layout_mode = 2

[node name="BottomBuffer" type="MarginContainer" parent="VBC"]
custom_minimum_size = Vector2(0, 5)
layout_mode = 2
size_flags_horizontal = 3

[node name="Img" type="Sprite2D" parent="."]
texture = ExtResource("1")

[connection signal="pressed" from="." to="." method="_on_BackgroundThumbButton_pressed"]
