[gd_scene load_steps=12 format=3 uid="uid://b6kutnghqdbnu"]

[ext_resource type="Script" path="res://scripts/MobileSettingsPage.gd" id="1"]
[ext_resource type="Texture2D" uid="uid://rtmk8i1lcf5g" path="res://assets/buttons/card_theme_star_guard_3D_italic.png" id="2"]
[ext_resource type="Texture2D" uid="uid://g3ukgmj2fa15" path="res://assets/buttons/background_star_guard_3D_italic.png" id="4"]
[ext_resource type="Texture2D" uid="uid://co3re4pxv0c5m" path="res://assets/buttons/update_encounters_star_guard_3D_italic.png" id="5"]
[ext_resource type="Texture2D" uid="uid://buvhpnwtrneof" path="res://assets/buttons/license_information_star_guard_3D_italic.png" id="6"]
[ext_resource type="Texture2D" uid="uid://0nu6vkcbpgxu" path="res://assets/buttons/contribute_star_guard_3D_italic.png" id="7"]
[ext_resource type="Texture2D" uid="uid://drvjbp8r7sl2s" path="res://assets/buttons/back_star_guard_3D_italic.png" id="8"]
[ext_resource type="FontFile" uid="uid://vdockfhs2oko" path="res://assets/fonts/StarGuard-BKOl.otf" id="9"]
[ext_resource type="Texture2D" uid="uid://rstny334qten" path="res://assets/buttons/story_mode_toggle_off.png" id="10"]
[ext_resource type="Texture2D" uid="uid://co61bkclcb31o" path="res://assets/buttons/story_mode_toggle_on.png" id="11"]

[sub_resource type="FontFile" id="1"]
fallbacks = Array[Font]([ExtResource("9")])
cache/0/16/0/ascent = 0.0
cache/0/16/0/descent = 0.0
cache/0/16/0/underline_position = 0.0
cache/0/16/0/underline_thickness = 0.0
cache/0/16/0/scale = 1.0
cache/0/16/0/kerning_overrides/16/0 = Vector2(0, 0)
cache/0/16/0/kerning_overrides/142/0 = Vector2(0, 0)
cache/0/142/0/ascent = 0.0
cache/0/142/0/descent = 0.0
cache/0/142/0/underline_position = 0.0
cache/0/142/0/underline_thickness = 0.0
cache/0/142/0/scale = 1.0
cache/0/142/0/kerning_overrides/16/0 = Vector2(0, 0)
cache/0/142/0/kerning_overrides/142/0 = Vector2(0, 0)

[node name="MarginContainer" type="MarginContainer"]
anchors_preset = 15
anchor_right = 1.0
anchor_bottom = 1.0
size_flags_horizontal = 3
size_flags_vertical = 3
script = ExtResource("1")

[node name="Background" type="CanvasLayer" parent="."]

[node name="Img" type="Sprite2D" parent="Background"]

[node name="UI" type="CanvasLayer" parent="."]

[node name="HBC" type="HBoxContainer" parent="UI"]
anchors_preset = 15
anchor_right = 1.0
anchor_bottom = 1.0
size_flags_horizontal = 3
size_flags_vertical = 3

[node name="LeftBuffer" type="MarginContainer" parent="UI/HBC"]
custom_minimum_size = Vector2(25, 0)
layout_mode = 2

[node name="VBC" type="VBoxContainer" parent="UI/HBC"]
layout_mode = 2
size_flags_horizontal = 3
size_flags_vertical = 3

[node name="TopBuffer" type="MarginContainer" parent="UI/HBC/VBC"]
custom_minimum_size = Vector2(0, 491)
layout_mode = 2
size_flags_horizontal = 3

[node name="HBC" type="HBoxContainer" parent="UI/HBC/VBC"]
layout_mode = 2

[node name="StoryMode2" type="Label" parent="UI/HBC/VBC/HBC"]
layout_mode = 2
size_flags_horizontal = 3
theme_override_fonts/font = SubResource("1")
theme_override_font_sizes/font_size = 142
text = "Story Mode"

[node name="CheckButton" type="CheckButton" parent="UI/HBC/VBC/HBC"]
layout_mode = 2
size_flags_horizontal = 3
mouse_filter = 1
theme_override_icons/checked = ExtResource("11")
theme_override_icons/unchecked = ExtResource("10")
expand_icon = true

[node name="Rightbuffer" type="MarginContainer" parent="UI/HBC/VBC/HBC"]
custom_minimum_size = Vector2(200, 0)
layout_mode = 2

[node name="MidBuffer_01" type="MarginContainer" parent="UI/HBC/VBC"]
custom_minimum_size = Vector2(0, 42)
layout_mode = 2
size_flags_horizontal = 3

[node name="Background" type="MarginContainer" parent="UI/HBC/VBC"]
custom_minimum_size = Vector2(0, 120)
layout_mode = 2

[node name="Img" type="TextureRect" parent="UI/HBC/VBC/Background"]
visible = false
layout_mode = 2
texture = ExtResource("4")
stretch_mode = 5

[node name="Background" type="Label" parent="UI/HBC/VBC/Background"]
layout_mode = 2
size_flags_horizontal = 3
mouse_filter = 1
theme_override_fonts/font = SubResource("1")
theme_override_font_sizes/font_size = 142
text = "Background"

[node name="MidBuffer_02" type="MarginContainer" parent="UI/HBC/VBC"]
custom_minimum_size = Vector2(0, 42)
layout_mode = 2
size_flags_horizontal = 3

[node name="CardTheme" type="MarginContainer" parent="UI/HBC/VBC"]
custom_minimum_size = Vector2(0, 120)
layout_mode = 2
size_flags_horizontal = 3

[node name="Img" type="TextureRect" parent="UI/HBC/VBC/CardTheme"]
visible = false
layout_mode = 2
texture = ExtResource("2")
stretch_mode = 5

[node name="CardTheme" type="Label" parent="UI/HBC/VBC/CardTheme"]
layout_mode = 2
size_flags_horizontal = 3
mouse_filter = 1
theme_override_fonts/font = SubResource("1")
theme_override_font_sizes/font_size = 142
text = "Card Theme"

[node name="MidBuffer_03" type="MarginContainer" parent="UI/HBC/VBC"]
custom_minimum_size = Vector2(0, 42)
layout_mode = 2
size_flags_horizontal = 3

[node name="UpdateEncounters" type="MarginContainer" parent="UI/HBC/VBC"]
visible = false
custom_minimum_size = Vector2(0, 120)
layout_mode = 2
size_flags_horizontal = 3
size_flags_vertical = 3

[node name="Img" type="TextureRect" parent="UI/HBC/VBC/UpdateEncounters"]
layout_mode = 2
texture = ExtResource("5")

[node name="LicenseInfo" type="MarginContainer" parent="UI/HBC/VBC"]
visible = false
layout_mode = 2
size_flags_horizontal = 3
size_flags_vertical = 3

[node name="Img" type="TextureRect" parent="UI/HBC/VBC/LicenseInfo"]
layout_mode = 2
texture = ExtResource("6")

[node name="Contribute" type="MarginContainer" parent="UI/HBC/VBC"]
visible = false
layout_mode = 2
size_flags_horizontal = 3
size_flags_vertical = 3

[node name="Img" type="TextureRect" parent="UI/HBC/VBC/Contribute"]
layout_mode = 2
texture = ExtResource("7")

[node name="Back" type="MarginContainer" parent="UI/HBC/VBC"]
custom_minimum_size = Vector2(0, 120)
layout_mode = 2
size_flags_horizontal = 3

[node name="Img" type="TextureRect" parent="UI/HBC/VBC/Back"]
visible = false
layout_mode = 2
texture = ExtResource("8")
stretch_mode = 5

[node name="Back" type="Label" parent="UI/HBC/VBC/Back"]
layout_mode = 2
size_flags_horizontal = 3
mouse_filter = 1
theme_override_fonts/font = SubResource("1")
theme_override_font_sizes/font_size = 142
text = "Back"

[node name="BottomBuffer" type="MarginContainer" parent="UI/HBC/VBC"]
custom_minimum_size = Vector2(0, 42)
layout_mode = 2
size_flags_horizontal = 3
size_flags_vertical = 3

[node name="RightBuffer" type="MarginContainer" parent="UI/HBC"]
custom_minimum_size = Vector2(25, 0)
layout_mode = 2
size_flags_vertical = 3

[connection signal="mouse_entered" from="UI/HBC/VBC/HBC/CheckButton" to="." method="_on_StoryMode_CheckButton_mouse_entered"]
[connection signal="mouse_exited" from="UI/HBC/VBC/HBC/CheckButton" to="." method="_on_StoryMode_CheckButton_mouse_exited"]
[connection signal="toggled" from="UI/HBC/VBC/HBC/CheckButton" to="." method="_on_StoryMode_CheckButton_toggled"]
[connection signal="gui_input" from="UI/HBC/VBC/Background/Img" to="." method="_on_Background_Img_gui_input"]
[connection signal="mouse_entered" from="UI/HBC/VBC/Background/Img" to="." method="_on_Background_Img_mouse_entered"]
[connection signal="mouse_exited" from="UI/HBC/VBC/Background/Img" to="." method="_on_Background_Img_mouse_exited"]
[connection signal="gui_input" from="UI/HBC/VBC/Background/Background" to="." method="_on_Background_Img_gui_input"]
[connection signal="gui_input" from="UI/HBC/VBC/CardTheme/Img" to="." method="_on_CardTheme_Img_gui_input"]
[connection signal="mouse_entered" from="UI/HBC/VBC/CardTheme/Img" to="." method="_on_CardTheme_Img_mouse_entered"]
[connection signal="mouse_exited" from="UI/HBC/VBC/CardTheme/Img" to="." method="_on_CardTheme_Img_mouse_exited"]
[connection signal="gui_input" from="UI/HBC/VBC/CardTheme/CardTheme" to="." method="_on_CardTheme_Img_gui_input"]
[connection signal="gui_input" from="UI/HBC/VBC/Back/Img" to="." method="_on_Back_Img_gui_input"]
[connection signal="mouse_entered" from="UI/HBC/VBC/Back/Img" to="." method="_on_Back_Img_mouse_entered"]
[connection signal="mouse_exited" from="UI/HBC/VBC/Back/Img" to="." method="_on_Back_Img_mouse_exited"]
[connection signal="gui_input" from="UI/HBC/VBC/Back/Back" to="." method="_on_Back_Img_gui_input"]
